@techreport{RFC1035,
  author = {P. Mockapetris},
  title = {Domain names - implementation and specification},
  howpublished = {Internet Requests for Comments},
  type = {STD},
  number = {13},
  year = {1987},
  month = {November},
  issn = {2070-1721},
  publisher = {RFC Editor},
  institution = {RFC Editor},
  url = {http://www.rfc-editor.org/rfc/rfc1035.txt},
  note = {\url{http://www.rfc-editor.org/rfc/rfc1035.txt}},
}

@techreport{RFC4034,
	author = {R. Arends and R. Austein and M. Larson and D. Massey and S. Rose},
	title = {Resource Records for the DNS Security Extensions},
	howpublished = {Internet Requests for Comments},
	type = {RFC},
	number = {4034},
	year = {2005},
	month = {March},
	issn = {2070-1721},
	publisher = {RFC Editor},
	institution = {RFC Editor},
	url = {http://www.rfc-editor.org/rfc/rfc4034.txt},
	note = {\url{http://www.rfc-editor.org/rfc/rfc4034.txt}},
}

@techreport{RFC5424,
	author = {R. Gerhards},
	title = {The Syslog Protocol},
	howpublished = {Internet Requests for Comments},
	type = {RFC},
	number = {5424},
	year = {2009},
	month = {March},
	issn = {2070-1721},
	publisher = {RFC Editor},
	institution = {RFC Editor},
	url = {http://www.rfc-editor.org/rfc/rfc5424.txt},
	note = {\url{http://www.rfc-editor.org/rfc/rfc5424.txt}},
}

@techreport{RFC7766,
	author = {J. Dickinson and S. Dickinson and R. Bellis and A. Mankin and D. Wessels},
	title = {DNS Transport over TCP - Implementation Requirements},
	howpublished = {Internet Requests for Comments},
	type = {RFC},
	number = {7766},
	year = {2016},
	month = {March},
	issn = {2070-1721},
	publisher = {RFC Editor},
	institution = {RFC Editor},
}

@techreport{RFC0793,
	author = {Jon Postel},
	title = {Transmission Control Protocol},
	howpublished = {Internet Requests for Comments},
	type = {STD},
	number = {7},
	year = {1981},
	month = {September},
	issn = {2070-1721},
	publisher = {RFC Editor},
	institution = {RFC Editor},
	url = {http://www.rfc-editor.org/rfc/rfc793.txt},
	note = {\url{http://www.rfc-editor.org/rfc/rfc793.txt}},
}

@techreport{RFC0768,
	author = {Jon Postel},
	title = {User Datagram Protocol},
	howpublished = {Internet Requests for Comments},
	type = {STD},
	number = {6},
	year = {1980},
	month = {August},
	issn = {2070-1721},
	publisher = {RFC Editor},
	institution = {RFC Editor},
	url = {http://www.rfc-editor.org/rfc/rfc768.txt},
	note = {\url{http://www.rfc-editor.org/rfc/rfc768.txt}},
}

@techreport{RFC0791,
	author = {Jon Postel},
	title = {Internet Protocol},
	howpublished = {Internet Requests for Comments},
	type = {STD},
	number = {5},
	year = {1981},
	month = {September},
	issn = {2070-1721},
	publisher = {RFC Editor},
	institution = {RFC Editor},
	url = {http://www.rfc-editor.org/rfc/rfc791.txt},
	note = {\url{http://www.rfc-editor.org/rfc/rfc791.txt}},
}

@techreport{RFC2782,
	author = {Arnt Gulbrandsen and Paul Vixie and Levon Esibov},
	title = {A DNS RR for specifying the location of services (DNS SRV)},
	howpublished = {Internet Requests for Comments},
	type = {RFC},
	number = {2782},
	year = {2000},
	month = {February},
	issn = {2070-1721},
	publisher = {RFC Editor},
	institution = {RFC Editor},
	url = {http://www.rfc-editor.org/rfc/rfc2782.txt},
	note = {\url{http://www.rfc-editor.org/rfc/rfc2782.txt}},
}


@online{WiresharkWiki-Libpcap,
	author = {MultiMedia LLC},
	title = {Development/LibpcapFileFormat - {The Wireshark Wiki}},
	year = 2015,
	url = {https://wiki.wireshark.org/Development/LibpcapFileFormat},
	urldate = {2018-10-07}
}

@manual{Linux-LibraryFunctions,
	title      = "Section 3: library functions - Linux man pages",
	%author    = "",
	%edition   = "",
	year       = "2013",
	month      = "July",
	%note      = "",
}

@manual{Linux-raw,
title      = "raw(7): IPv4 raw sockets - Linux man page",
%author        = "",
%edition   = "",
year       = "2013",
month      = "July",
%note      = "",
url        = {https://linux.die.net/man/7/raw},
}
